
@inproceedings{GeneralFormulaLowerBound,
	title = "On a Boolean function",
	journal = "Soviet Math. Dokl.",
	volume = "7",
	number = "4",
	pages = "999-1000",
	year = "1966",
	author = "E. I. Nechiporuk",
}

@article{Original,
title = "Universal classes of hash functions",
journal = "Journal of Computer and System Sciences",
volume = "18",
number = "2",
pages = "143 - 154",
year = "1979",
note = "",
issn = "0022-0000",
doi = "http://dx.doi.org/10.1016/0022-0000(79)90044-8",
url = "http://www.sciencedirect.com/science/article/pii/0022000079900448",
author = "J.Lawrence Carter and Mark N. Wegman",
}

@article{K-Indenepdence,
title = "New hash functions and their use in authentication and set equality",
journal = "Journal of Computer and System Sciences",
volume = "22",
number = "3",
pages = "265 - 279",
year = "1981",
note = "",
issn = "0022-0000",
doi = "http://dx.doi.org/10.1016/0022-0000(81)90033-7",
url = "http://www.sciencedirect.com/science/article/pii/0022000081900337",
author = "Wegman and Carter",
}

@article{Valiant,
title = "Short monotone formulae for the majority function",
journal = "Journal of Algorithms",
volume = "5",
number = "3",
pages = "363 - 366",
year = "1984",
note = "",
issn = "0196-6774",
doi = "http://dx.doi.org/10.1016/0196-6774(84)90016-6",
url = "http://www.sciencedirect.com/science/article/pii/0196677484900166",
author = "L.G Valiant",
}

@Article{SpectralExpansion,
author="Alon, Noga",
title="Eigenvalues and expanders",
journal="Combinatorica",
year="1986",
volume="6",
number="2",
pages="83--96",
abstract="Linear expanders have numerous applications to theoretical computer science. Here we show that a regular bipartite graph is an expanderif and only if the second largest eigenvalue of its adjacency matrix is well separated from the first. This result, which has an analytic analogue for Riemannian manifolds enables one to generate expanders randomly and check efficiently their expanding properties. It also supplies an efficient algorithm for approximating the expanding properties of a graph. The exact determination of these properties is known to be coNP-complete.",
issn="1439-6912",
doi="10.1007/BF02579166",
url="http://dx.doi.org/10.1007/BF02579166"
}

@article{ValVaz,
title = "NP is as easy as detecting unique solutions",
journal = "Theoretical Computer Science",
volume = "47",
number = "",
pages = "85 - 93",
year = "1986",
note = "",
issn = "0304-3975",
doi = "http://dx.doi.org/10.1016/0304-3975(86)90135-0",
url = "http://www.sciencedirect.com/science/article/pii/0304397586901350",
author = "L.G. Valiant and V.V. Vazirani",
}

@phdthesis{VaziraniBias,
 author = {Vazirani, Umesh Virkumar},
 title = {Randomness, Adversaries and Computation (Random Polynomial Time)},
 year = {1986},
 note = {AAI8718194},
 publisher = {University of California, Berkeley},
}

@inproceedings{Andreev87,
	author = {Andreev, A.E.},
	title = {On A Method For Obtaining More Than Quadratic Effective Lower Bounds For The Complexity of $\pi$-schemes},
	booktitle = {Moscow Univ. Math. Bull},
	colume = {42},
	number = {1},
	year = {1987},
	pages = {63-66},
}

@inproceedings{RandomWalk,
 author = {Ajtai, M. and Komlos, J. and Szemeredi, E.},
 title = {Deterministic Simulation in LOGSPACE},
 booktitle = {Proceedings of the Nineteenth Annual ACM Symposium on Theory of Computing},
 series = {STOC '87},
 year = {1987},
 isbn = {0-89791-221-7},
 location = {New York, New York, USA},
 pages = {132--140},
 numpages = {9},
 url = {http://doi.acm.org/10.1145/28395.28410},
 doi = {10.1145/28395.28410},
 acmid = {28410},
 publisher = {ACM},
 address = {New York, NY, USA},
} 

@book{DiaconisBias,
   title = "Group representations in probability and statistics",
   author = "Diaconis, Persi W.",
   series = "Lecture notes",
   publisher = "Hayward, Calif. Institute of Mathematical Statistics",
   url = "http://opac.inria.fr/record=b1087294",
   isbn = "0-940600-14-5",
   year = 1988
}

@misc{BabaiFourierNotes,
 title = "Fourier Transforms and Equations over Finite Abelian Groups, Lecture Notes",
 author = "L. Babai",
 publisher = "University of Chicago",
 year = 1989
}

@inproceedings{SmallBias,
 author = {Naor, J. and Naor, M.},
 title = {Small-bias Probability Spaces: Efficient Constructions and Applications},
 booktitle = {Proceedings of the Twenty-second Annual ACM Symposium on Theory of Computing},
 series = {STOC '90},
 year = {1990},
 isbn = {0-89791-361-2},
 location = {Baltimore, Maryland, USA},
 pages = {213--223},
 numpages = {11},
 url = {http://doi.acm.org/10.1145/100216.100244},
 doi = {10.1145/100216.100244},
 acmid = {100244},
 publisher = {ACM},
 address = {New York, NY, USA},
}

@inproceedings{Impagliazzo93,
    author = {Impagliazzo, Russell and Nisan, Noam},
    title = {The Effect of Random Restrictions on Formula Size},
    booktitle = {Random Structures and Algorithms, Vol 4, No},
    year = {1993},
    pages = {121--134}
}

@techreport{TinyFamilies,
 author = {Goldreich, O. and Wegderson, A.},
 title = {Tiny Families of Functions with Random Properties: A Quality-Size Trade-off for Hashing},
 year = {1994},
 source = {http://www.ncstrl.org:8900/ncstrl/servlet/search?formname=detail\&id=oai%3Ancstrlh%3Aweizmann_il%3Ancstrl.weizmann_il%2F%2FCS94-03},
 publisher = {Weizmann Science Press of Israel},
 address = {Jerusalem, Israel, Israel},
}

@article{NaturalProofs,
title = "Natural Proofs",
journal = "Journal of Computer and System Sciences",
volume = "55",
number = "1",
pages = "24 - 35",
year = "1997",
note = "",
issn = "0022-0000",
doi = "http://dx.doi.org/10.1006/jcss.1997.1494",
url = "http://www.sciencedirect.com/science/article/pii/S002200009791494X",
author = "Alexander A Razborov and Steven Rudich",
}

@Article{GeneralBias,
author="Azar, Yossi
and Motwani, Rajeev
and Naor, (Seffi) Joseph",
title="Approximating Probability Distributions Using Small Sample Spaces",
journal="Combinatorica",
year="1998",
volume="18",
number="2",
pages="151--171",
issn="1439-6912",
doi="10.1007/PL00009813",
url="http://dx.doi.org/10.1007/PL00009813"
}

@Article{Hastad98,
    author = {HÃ¥stad, Johan},
    title = {The shrinkage exponent of de Morgan formulas is 2},
    journal = {SIAM JOURNAL ON COMPUTING},
    year = {1998}
}

@article{CuckooHashing,
 author = {Pagh, Rasmus and Rodler, Flemming Friche},
 title = {Cuckoo Hashing},
 journal = {J. Algorithms},
 issue_date = {May 2004},
 volume = {51},
 number = {2},
 month = may,
 year = {2004},
 issn = {0196-6774},
 pages = {122--144},
 numpages = {23},
 url = {http://dx.doi.org/10.1016/j.jalgor.2003.12.002},
 doi = {10.1016/j.jalgor.2003.12.002},
 acmid = {1006426},
 publisher = {Academic Press, Inc.},
 address = {Duluth, MN, USA},
 keywords = {data structures, dictionaries, experiments, hashing, information retrieval, searching},
}

@article{Concentrators,
 author = {Siegel},
 title = {On Universal Classes of Extremely Random Constant-Time Hash Functions},
 journal = {SIAM J. Comput.},
 issue_date = {2004},
 volume = {33},
 number = {3},
 month = mar,
 year = {2004},
 issn = {0097-5397},
 pages = {505--543},
 numpages = {39},
 url = {http://dx.doi.org/10.1137/S0097539701386216},
 doi = {10.1137/S0097539701386216},
 acmid = {976345},
 publisher = {Society for Industrial and Applied Mathematics},
 address = {Philadelphia, PA, USA},
 keywords = {PRAM emulation, hash functions, hashing, limited independence, optimal speedup, storage-time tradeoff, universal hash functions},
} 

@inproceedings{4UniversalSecondMoment,
 author = {Thorup, Mikkel and Zhang, Yin},
 title = {Tabulation Based 4-universal Hashing with Applications to Second Moment Estimation},
 booktitle = {Proceedings of the Fifteenth Annual ACM-SIAM Symposium on Discrete Algorithms},
 series = {SODA '04},
 year = {2004},
 isbn = {0-89871-558-X},
 location = {New Orleans, Louisiana},
 pages = {615--624},
 numpages = {10},
 url = {http://dl.acm.org/citation.cfm?id=982792.982884},
 acmid = {982884},
 publisher = {Society for Industrial and Applied Mathematics},
 address = {Philadelphia, PA, USA},
}

@article{ExpanderSurvey,
    author = {Shlomo Hoory and Nathan Linial and Avi Wigderson},
    title = {Expander graphs and their applications},
    journal = {BULL. AMER. MATH. SOC. },
    year = {2006},
    volume = {43},
    number = {4},
    pages = {439--561}
}

@article{BiasDefinitionAndrej,
	author = {Andrej Bogdanov and Emanuele Viola},
	title = {Pseudorandom Bits for Polynomials},
	journal = {SIAM Journal on Computing},
	volume = {39},
	number = {6},
	pages = {2464-2486},
	year = {2010},
	doi = {10.1137/070712109},
	URL = {http://dx.doi.org/10.1137/070712109},
	eprint = {http://dx.doi.org/10.1137/070712109}
}

@article{PowerOfSimpleTabulation,
  author    = {Mihai Patrascu and
               Mikkel Thorup},
  title     = {The Power of Simple Tabulation Hashing},
  journal   = {CoRR},
  volume    = {abs/1011.5200},
  year      = {2010},
  url       = {http://arxiv.org/abs/1011.5200},
  timestamp = {Mon, 05 Dec 2011 18:03:38 +0100},
  biburl    = {http://dblp.uni-trier.de/rec/bib/journals/corr/abs-1011-5200},
  bibsource = {dblp computer science bibliography, http://dblp.org}
}

@article{5LinearProbing,
 author = {Pagh, Anna and Pagh, Rasmus and Ru\v{z}i\'{c}, Milan},
 title = {Linear Probing with 5-wise Independence},
 journal = {SIAM Rev.},
 issue_date = {August 2011},
 volume = {53},
 number = {3},
 month = aug,
 year = {2011},
 issn = {0036-1445},
 pages = {547--558},
 numpages = {12},
 url = {http://dx.doi.org/10.1137/110827831},
 doi = {10.1137/110827831},
 acmid = {2079020},
 publisher = {Society for Industrial and Applied Mathematics},
 address = {Philadelphia, PA, USA},
 keywords = {hashing, linear probing},
}

@article{StorageEnforcing,
  author    = {Mohammad Iftekhar Husain and
               Steven Y. Ko and
               Atri Rudra and
               Steve Uurtamo},
  title     = {Almost Universal Hash Families are also Storage Enforcing},
  journal   = {CoRR},
  volume    = {abs/1205.1462},
  year      = {2012},
  url       = {http://arxiv.org/abs/1205.1462},
  timestamp = {Thu, 21 Feb 2013 21:11:50 +0100},
  biburl    = {http://dblp.uni-trier.de/rec/bib/journals/corr/abs-1205-1462},
  bibsource = {dblp computer science bibliography, http://dblp.org}
}

@inproceedings{Twisted,
 author = {P\u{a}tra\c{s}cu and Thorup},
 title = {Twisted Tabulation Hashing},
 booktitle = {Proceedings of the Twenty-Fourth Annual ACM-SIAM Symposium on Discrete Algorithms},
 series = {SODA '13},
 year = {2013},
 isbn = {978-1-611972-51-1},
 location = {New Orleans, Louisiana},
 pages = {209--228},
 numpages = {20},
 url = {http://dl.acm.org/citation.cfm?id=2627817.2627833},
 acmid = {2627833},
 publisher = {Society for Industrial and Applied Mathematics},
 address = {Philadelphia, PA, USA},
} 

@book{AnalysisOfBooleanFunctions,
 author = {O'Donnell, Ryan},
 title = {Analysis of Boolean Functions},
 year = {2014},
 isbn = {1107038324, 9781107038325},
 publisher = {Cambridge University Press},
 address = {New York, NY, USA},
} 

@inproceedings{Gowers,
 author = {Gowers, Timothy and Viola, Emanuele},
 title = {The Communication Complexity of Interleaved Group Products},
 booktitle = {Proceedings of the Forty-Seventh Annual ACM on Symposium on Theory of Computing},
 series = {STOC '15},
 year = {2015},
 isbn = {978-1-4503-3536-2},
 location = {Portland, Oregon, USA},
 pages = {351--360},
 numpages = {10},
 url = {http://doi.acm.org/10.1145/2746539.2746560},
 doi = {10.1145/2746539.2746560},
 acmid = {2746560},
 publisher = {ACM},
 address = {New York, NY, USA},
 keywords = {communication complexity, conjugacy class, interleaved group product, iterated group products, mixing, quasirandom group, representation theory, special linear group},
} 